%YAML 1.1
%TAG !u! tag:unity3d.com,2011:
--- !u!1001 &100100000
Prefab:
  m_ObjectHideFlags: 1
  serializedVersion: 2
  m_Modification:
    m_TransformParent: {fileID: 0}
    m_Modifications: []
    m_RemovedComponents: []
  m_ParentPrefab: {fileID: 0}
  m_RootGameObject: {fileID: 1895562925796010}
  m_IsPrefabParent: 1
--- !u!1 &1139431243849522
GameObject:
  m_ObjectHideFlags: 0
  m_PrefabParentObject: {fileID: 0}
  m_PrefabInternal: {fileID: 100100000}
  serializedVersion: 5
  m_Component:
  - component: {fileID: 4517880532926676}
  - component: {fileID: 114087052086183720}
  m_Layer: 0
  m_Name: PetActionReward
  m_TagString: Untagged
  m_Icon: {fileID: 0}
  m_NavMeshLayer: 0
  m_StaticEditorFlags: 0
  m_IsActive: 1
--- !u!1 &1148062066635900
GameObject:
  m_ObjectHideFlags: 0
  m_PrefabParentObject: {fileID: 0}
  m_PrefabInternal: {fileID: 100100000}
  serializedVersion: 5
  m_Component:
  - component: {fileID: 4438288549512266}
  - component: {fileID: 114892660350156878}
  - component: {fileID: 114646748957566670}
  m_Layer: 0
  m_Name: TaskDataController
  m_TagString: Untagged
  m_Icon: {fileID: 0}
  m_NavMeshLayer: 0
  m_StaticEditorFlags: 0
  m_IsActive: 1
--- !u!1 &1244549415912322
GameObject:
  m_ObjectHideFlags: 0
  m_PrefabParentObject: {fileID: 0}
  m_PrefabInternal: {fileID: 100100000}
  serializedVersion: 5
  m_Component:
  - component: {fileID: 4191383091887910}
  - component: {fileID: 114625938830687348}
  m_Layer: 0
  m_Name: BackgroundThemeController
  m_TagString: Untagged
  m_Icon: {fileID: 0}
  m_NavMeshLayer: 0
  m_StaticEditorFlags: 0
  m_IsActive: 1
--- !u!1 &1275659644860944
GameObject:
  m_ObjectHideFlags: 0
  m_PrefabParentObject: {fileID: 0}
  m_PrefabInternal: {fileID: 100100000}
  serializedVersion: 5
  m_Component:
  - component: {fileID: 4905805694417300}
  - component: {fileID: 114067903240708500}
  - component: {fileID: 114987636192692774}
  m_Layer: 0
  m_Name: SaveTimeController
  m_TagString: Untagged
  m_Icon: {fileID: 0}
  m_NavMeshLayer: 0
  m_StaticEditorFlags: 0
  m_IsActive: 1
--- !u!1 &1449808732636230
GameObject:
  m_ObjectHideFlags: 0
  m_PrefabParentObject: {fileID: 0}
  m_PrefabInternal: {fileID: 100100000}
  serializedVersion: 5
  m_Component:
  - component: {fileID: 4269287675467178}
  - component: {fileID: 114805755540727188}
  m_Layer: 0
  m_Name: VideoAdsController
  m_TagString: Untagged
  m_Icon: {fileID: 0}
  m_NavMeshLayer: 0
  m_StaticEditorFlags: 0
  m_IsActive: 1
--- !u!1 &1460701195502388
GameObject:
  m_ObjectHideFlags: 0
  m_PrefabParentObject: {fileID: 0}
  m_PrefabInternal: {fileID: 100100000}
  serializedVersion: 5
  m_Component:
  - component: {fileID: 4251813862031074}
  - component: {fileID: 114479289128098700}
  m_Layer: 5
  m_Name: LocalizationController
  m_TagString: Untagged
  m_Icon: {fileID: 0}
  m_NavMeshLayer: 0
  m_StaticEditorFlags: 0
  m_IsActive: 1
--- !u!1 &1551385455536086
GameObject:
  m_ObjectHideFlags: 0
  m_PrefabParentObject: {fileID: 0}
  m_PrefabInternal: {fileID: 100100000}
  serializedVersion: 5
  m_Component:
  - component: {fileID: 4978466421047556}
  - component: {fileID: 114230672188830460}
  m_Layer: 0
  m_Name: PanelExitController
  m_TagString: Untagged
  m_Icon: {fileID: 0}
  m_NavMeshLayer: 0
  m_StaticEditorFlags: 0
  m_IsActive: 1
--- !u!1 &1661054212627318
GameObject:
  m_ObjectHideFlags: 0
  m_PrefabParentObject: {fileID: 0}
  m_PrefabInternal: {fileID: 100100000}
  serializedVersion: 5
  m_Component:
  - component: {fileID: 4190769916914600}
  - component: {fileID: 114327991725147568}
  - component: {fileID: 114025731229150224}
  - component: {fileID: 114183818710650804}
  - component: {fileID: 114122630869060342}
  - component: {fileID: 114533150858302982}
  - component: {fileID: 114722345844318510}
  m_Layer: 5
  m_Name: AchievementsController
  m_TagString: Untagged
  m_Icon: {fileID: 0}
  m_NavMeshLayer: 0
  m_StaticEditorFlags: 0
  m_IsActive: 1
--- !u!1 &1895562925796010
GameObject:
  m_ObjectHideFlags: 0
  m_PrefabParentObject: {fileID: 0}
  m_PrefabInternal: {fileID: 100100000}
  serializedVersion: 5
  m_Component:
  - component: {fileID: 4523108884087490}
  - component: {fileID: 114777906372220046}
  - component: {fileID: 114449178291846144}
  - component: {fileID: 114835602197917110}
  - component: {fileID: 114952468664177720}
  m_Layer: 0
  m_Name: DataController
  m_TagString: Untagged
  m_Icon: {fileID: 0}
  m_NavMeshLayer: 0
  m_StaticEditorFlags: 0
  m_IsActive: 1
--- !u!1 &1945550675463128
GameObject:
  m_ObjectHideFlags: 0
  m_PrefabParentObject: {fileID: 0}
  m_PrefabInternal: {fileID: 100100000}
  serializedVersion: 5
  m_Component:
  - component: {fileID: 4552563418014034}
  - component: {fileID: 114877798026439286}
  m_Layer: 0
  m_Name: iOSNotification
  m_TagString: Untagged
  m_Icon: {fileID: 0}
  m_NavMeshLayer: 0
  m_StaticEditorFlags: 0
  m_IsActive: 1
--- !u!4 &4190769916914600
Transform:
  m_ObjectHideFlags: 1
  m_PrefabParentObject: {fileID: 0}
  m_PrefabInternal: {fileID: 100100000}
  m_GameObject: {fileID: 1661054212627318}
  m_LocalRotation: {x: -0, y: -0, z: -0, w: 1}
  m_LocalPosition: {x: 0, y: 0, z: 0}
  m_LocalScale: {x: 1, y: 1, z: 1}
  m_Children: []
  m_Father: {fileID: 4523108884087490}
  m_RootOrder: 0
  m_LocalEulerAnglesHint: {x: 0, y: 0, z: 0}
--- !u!4 &4191383091887910
Transform:
  m_ObjectHideFlags: 1
  m_PrefabParentObject: {fileID: 0}
  m_PrefabInternal: {fileID: 100100000}
  m_GameObject: {fileID: 1244549415912322}
  m_LocalRotation: {x: 0, y: 0, z: 0, w: 1}
  m_LocalPosition: {x: 0, y: 0, z: 0}
  m_LocalScale: {x: 1, y: 1, z: 1}
  m_Children: []
  m_Father: {fileID: 4523108884087490}
  m_RootOrder: 2
  m_LocalEulerAnglesHint: {x: 0, y: 0, z: 0}
--- !u!4 &4251813862031074
Transform:
  m_ObjectHideFlags: 1
  m_PrefabParentObject: {fileID: 0}
  m_PrefabInternal: {fileID: 100100000}
  m_GameObject: {fileID: 1460701195502388}
  m_LocalRotation: {x: -0, y: -0, z: -0, w: 1}
  m_LocalPosition: {x: 0, y: 1, z: 90}
  m_LocalScale: {x: 1, y: 1, z: 1}
  m_Children: []
  m_Father: {fileID: 4523108884087490}
  m_RootOrder: 1
  m_LocalEulerAnglesHint: {x: 0, y: 0, z: 0}
--- !u!4 &4269287675467178
Transform:
  m_ObjectHideFlags: 1
  m_PrefabParentObject: {fileID: 0}
  m_PrefabInternal: {fileID: 100100000}
  m_GameObject: {fileID: 1449808732636230}
  m_LocalRotation: {x: 0, y: 0, z: 0, w: 1}
  m_LocalPosition: {x: 0, y: 0, z: 0}
  m_LocalScale: {x: 1, y: 1, z: 1}
  m_Children: []
  m_Father: {fileID: 4523108884087490}
  m_RootOrder: 6
  m_LocalEulerAnglesHint: {x: 0, y: 0, z: 0}
--- !u!4 &4438288549512266
Transform:
  m_ObjectHideFlags: 1
  m_PrefabParentObject: {fileID: 0}
  m_PrefabInternal: {fileID: 100100000}
  m_GameObject: {fileID: 1148062066635900}
  m_LocalRotation: {x: -0, y: -0, z: -0, w: 1}
  m_LocalPosition: {x: 232.64787, y: 445.419, z: 0}
  m_LocalScale: {x: 1, y: 1, z: 1}
  m_Children: []
  m_Father: {fileID: 4523108884087490}
  m_RootOrder: 4
  m_LocalEulerAnglesHint: {x: 0, y: 0, z: 0}
--- !u!4 &4517880532926676
Transform:
  m_ObjectHideFlags: 1
  m_PrefabParentObject: {fileID: 0}
  m_PrefabInternal: {fileID: 100100000}
  m_GameObject: {fileID: 1139431243849522}
  m_LocalRotation: {x: 0, y: 0, z: 0, w: 1}
  m_LocalPosition: {x: 0, y: 0, z: 0}
  m_LocalScale: {x: 1, y: 1, z: 1}
  m_Children: []
  m_Father: {fileID: 4523108884087490}
  m_RootOrder: 5
  m_LocalEulerAnglesHint: {x: 0, y: 0, z: 0}
--- !u!4 &4523108884087490
Transform:
  m_ObjectHideFlags: 1
  m_PrefabParentObject: {fileID: 0}
  m_PrefabInternal: {fileID: 100100000}
  m_GameObject: {fileID: 1895562925796010}
  m_LocalRotation: {x: 0, y: 0, z: 0, w: 1}
  m_LocalPosition: {x: 0, y: 0, z: 0}
  m_LocalScale: {x: 1, y: 1, z: 1}
  m_Children:
  - {fileID: 4190769916914600}
  - {fileID: 4251813862031074}
  - {fileID: 4191383091887910}
  - {fileID: 4905805694417300}
  - {fileID: 4438288549512266}
  - {fileID: 4517880532926676}
  - {fileID: 4269287675467178}
  - {fileID: 4978466421047556}
  - {fileID: 4552563418014034}
  m_Father: {fileID: 0}
  m_RootOrder: 0
  m_LocalEulerAnglesHint: {x: 0, y: 0, z: 0}
--- !u!4 &4552563418014034
Transform:
  m_ObjectHideFlags: 1
  m_PrefabParentObject: {fileID: 0}
  m_PrefabInternal: {fileID: 100100000}
  m_GameObject: {fileID: 1945550675463128}
  m_LocalRotation: {x: 0, y: 0, z: 0, w: 1}
  m_LocalPosition: {x: 0, y: 0, z: 0}
  m_LocalScale: {x: 1, y: 1, z: 1}
  m_Children: []
  m_Father: {fileID: 4523108884087490}
  m_RootOrder: 8
  m_LocalEulerAnglesHint: {x: 0, y: 0, z: 0}
--- !u!4 &4905805694417300
Transform:
  m_ObjectHideFlags: 1
  m_PrefabParentObject: {fileID: 0}
  m_PrefabInternal: {fileID: 100100000}
  m_GameObject: {fileID: 1275659644860944}
  m_LocalRotation: {x: -0, y: -0, z: -0, w: 1}
  m_LocalPosition: {x: 0, y: 0, z: 0}
  m_LocalScale: {x: 1, y: 1, z: 1}
  m_Children: []
  m_Father: {fileID: 4523108884087490}
  m_RootOrder: 3
  m_LocalEulerAnglesHint: {x: 0, y: 0, z: 0}
--- !u!4 &4978466421047556
Transform:
  m_ObjectHideFlags: 1
  m_PrefabParentObject: {fileID: 0}
  m_PrefabInternal: {fileID: 100100000}
  m_GameObject: {fileID: 1551385455536086}
  m_LocalRotation: {x: 0, y: 0, z: 0, w: 1}
  m_LocalPosition: {x: 0, y: 0, z: 0}
  m_LocalScale: {x: 1, y: 1, z: 1}
  m_Children: []
  m_Father: {fileID: 4523108884087490}
  m_RootOrder: 7
  m_LocalEulerAnglesHint: {x: 0, y: 0, z: 0}
--- !u!114 &114025731229150224
MonoBehaviour:
  m_ObjectHideFlags: 1
  m_PrefabParentObject: {fileID: 0}
  m_PrefabInternal: {fileID: 100100000}
  m_GameObject: {fileID: 1661054212627318}
  m_Enabled: 1
  m_EditorHideFlags: 0
  m_Script: {fileID: 11500000, guid: 1d5faa52cbd7fd54e967c16c172eeae7, type: 3}
  m_Name: 
  m_EditorClassIdentifier: 
--- !u!114 &114067903240708500
MonoBehaviour:
  m_ObjectHideFlags: 1
  m_PrefabParentObject: {fileID: 0}
  m_PrefabInternal: {fileID: 100100000}
  m_GameObject: {fileID: 1275659644860944}
  m_Enabled: 1
  m_EditorHideFlags: 0
  m_Script: {fileID: 11500000, guid: ee78a741829ee934183018269c534437, type: 3}
  m_Name: 
  m_EditorClassIdentifier: 
  savedTime: 6
--- !u!114 &114087052086183720
MonoBehaviour:
  m_ObjectHideFlags: 1
  m_PrefabParentObject: {fileID: 0}
  m_PrefabInternal: {fileID: 100100000}
  m_GameObject: {fileID: 1139431243849522}
  m_Enabled: 1
  m_EditorHideFlags: 0
  m_Script: {fileID: 11500000, guid: dd5299c5cfd164274baf334d44596e47, type: 3}
  m_Name: 
  m_EditorClassIdentifier: 
  acquiredTextAppearPos: {x: 0, y: 0}
--- !u!114 &114122630869060342
MonoBehaviour:
  m_ObjectHideFlags: 1
  m_PrefabParentObject: {fileID: 0}
  m_PrefabInternal: {fileID: 100100000}
  m_GameObject: {fileID: 1661054212627318}
  m_Enabled: 1
  m_EditorHideFlags: 0
  m_Script: {fileID: 11500000, guid: 804522267f15f594689b71416ce6d06c, type: 3}
  m_Name: 
  m_EditorClassIdentifier: 
  btnNo: {fileID: 0}
  btndouble: {fileID: 0}
  achievementName: {fileID: 1575333775310466, guid: f033becd72d5c3a4cbfbcfb1e73cbb5d,
    type: 2}
  rewardPopup: {fileID: 1439048574399804, guid: 18ccc739e65868442ba064c55912ed62,
    type: 2}
  achDescriptionPopup: {fileID: 1714942178176334, guid: da52a408be5cfca42960d0a56c3069d6,
    type: 2}
  PiggyPopUp: {fileID: 1044274844132568, guid: 99002e7aa6668d4408e87005521e3b0f, type: 2}
--- !u!114 &114183818710650804
MonoBehaviour:
  m_ObjectHideFlags: 1
  m_PrefabParentObject: {fileID: 0}
  m_PrefabInternal: {fileID: 100100000}
  m_GameObject: {fileID: 1661054212627318}
  m_Enabled: 1
  m_EditorHideFlags: 0
  m_Script: {fileID: 11500000, guid: 468a37a041c0ac7438ccc4a51ff5666e, type: 3}
  m_Name: 
  m_EditorClassIdentifier: 
--- !u!114 &114230672188830460
MonoBehaviour:
  m_ObjectHideFlags: 1
  m_PrefabParentObject: {fileID: 0}
  m_PrefabInternal: {fileID: 100100000}
  m_GameObject: {fileID: 1551385455536086}
  m_Enabled: 1
  m_EditorHideFlags: 0
  m_Script: {fileID: 11500000, guid: 1314a7a9691eda644b10cf744865dd48, type: 3}
  m_Name: 
  m_EditorClassIdentifier: 
  PanelExit: {fileID: 1027184837206608, guid: c457fce44e87b604cb6bda031a96f735, type: 2}
--- !u!114 &114327991725147568
MonoBehaviour:
  m_ObjectHideFlags: 1
  m_PrefabParentObject: {fileID: 0}
  m_PrefabInternal: {fileID: 100100000}
  m_GameObject: {fileID: 1661054212627318}
  m_Enabled: 1
  m_EditorHideFlags: 0
  m_Script: {fileID: 11500000, guid: 1ace663beb6def6478378f1e4ffc0906, type: 3}
  m_Name: 
  m_EditorClassIdentifier: 
  achievementDatabase: {fileID: 11400000, guid: 930bb53d38208c640990a2f56c587fed,
    type: 2}
--- !u!114 &114449178291846144
MonoBehaviour:
  m_ObjectHideFlags: 1
  m_PrefabParentObject: {fileID: 0}
  m_PrefabInternal: {fileID: 100100000}
  m_GameObject: {fileID: 1895562925796010}
  m_Enabled: 1
  m_EditorHideFlags: 0
  m_Script: {fileID: 11500000, guid: ee78a741829ee934183018269c534437, type: 3}
  m_Name: 
  m_EditorClassIdentifier: 
  savedTime: 0
--- !u!114 &114479289128098700
MonoBehaviour:
  m_ObjectHideFlags: 1
  m_PrefabParentObject: {fileID: 0}
  m_PrefabInternal: {fileID: 100100000}
  m_GameObject: {fileID: 1460701195502388}
  m_Enabled: 1
  m_EditorHideFlags: 0
  m_Script: {fileID: 11500000, guid: 2c32858432f5d49f5b71a87b59c346d5, type: 3}
  m_Name: 
  m_EditorClassIdentifier: 
--- !u!114 &114533150858302982
MonoBehaviour:
  m_ObjectHideFlags: 1
  m_PrefabParentObject: {fileID: 0}
  m_PrefabInternal: {fileID: 100100000}
  m_GameObject: {fileID: 1661054212627318}
  m_Enabled: 1
  m_EditorHideFlags: 0
  m_Script: {fileID: 11500000, guid: 57621b266910b864e8358e48aec8ccf8, type: 3}
  m_Name: 
  m_EditorClassIdentifier: 
  serving: 0
  queueCnt: 0
  servingIndex: 0
  SppowerTreats: {fileID: 0}
  SpenergyTreats: {fileID: 0}
  giftDialog: {fileID: 1697005436437464, guid: aec9fd928eb35ef4386123d248bcb7f8, type: 2}
  sysTime: 
--- !u!114 &114625938830687348
MonoBehaviour:
  m_ObjectHideFlags: 1
  m_PrefabParentObject: {fileID: 0}
  m_PrefabInternal: {fileID: 100100000}
  m_GameObject: {fileID: 1244549415912322}
  m_Enabled: 1
  m_EditorHideFlags: 0
  m_Script: {fileID: 11500000, guid: a84e92f38c9ba452b862454e202407d2, type: 3}
  m_Name: 
  m_EditorClassIdentifier: 
  tLight: {fileID: 21300000, guid: 833395664a187fe40a77b74ee3180db5, type: 3}
  tDark: {fileID: 21300000, guid: bea7fdf572823c846af03763e7605480, type: 3}
  selectedTheme: 0
--- !u!114 &114646748957566670
MonoBehaviour:
  m_ObjectHideFlags: 1
  m_PrefabParentObject: {fileID: 0}
  m_PrefabInternal: {fileID: 100100000}
  m_GameObject: {fileID: 1148062066635900}
  m_Enabled: 1
  m_EditorHideFlags: 0
  m_Script: {fileID: 11500000, guid: db4eebf757dd8df46bd1ea353799ae1e, type: 3}
  m_Name: 
  m_EditorClassIdentifier: 
  completedTaskData:
    taskItem:
    - task: 
      categoryIndex: 0
      activePetIndex: 0
      isDone: 0
      session: 0
      finishDuration: 0
    breakList: []
    completedTaskList: []
--- !u!114 &114722345844318510
MonoBehaviour:
  m_ObjectHideFlags: 1
  m_PrefabParentObject: {fileID: 0}
  m_PrefabInternal: {fileID: 100100000}
  m_GameObject: {fileID: 1661054212627318}
  m_Enabled: 1
  m_EditorHideFlags: 0
  m_Script: {fileID: 11500000, guid: d0d7e3d9fe940f3478ceb974f0735aeb, type: 3}
  m_Name: 
  m_EditorClassIdentifier: 
--- !u!114 &114777906372220046
MonoBehaviour:
  m_ObjectHideFlags: 1
  m_PrefabParentObject: {fileID: 0}
  m_PrefabInternal: {fileID: 100100000}
  m_GameObject: {fileID: 1895562925796010}
  m_Enabled: 1
  m_EditorHideFlags: 0
  m_Script: {fileID: 11500000, guid: b79c717d2370d04419ac036aa5323b70, type: 3}
  m_Name: 
  m_EditorClassIdentifier: 
  playerData:
    ownedSlot: 1
    openSlot: 1
    maxSlot: 4
    currentPetIndex: 0
    cycle_counter_timer: 0
    currentSessionCount: 1
    currentTaskIndex: 0
    sessionCount: 2
    backGround: Generic
    ispetHome: 0
    gold: 0
    gem: 0
    pigyBank: 100
    goldacquired: 0
    gemacquired: 0
    goldspent: 0
    gemspent: 0
    targetGoldPerDay: 0
    DateoftheDay: none
    isnewInstalled: 1
    playerPetList: []
    isTimerRunning: 1
    timeLeftOnExit: 0
    state: 0
    sessionRunning: 0
    isTimerExtended: 0
    timeExtended: 0
    isTakingScreenShot: 0
    isPaused: 0
    timeState: 
    durationTime: 0
    breakDuration: 0
    goldTimer: 0
    isSkipped: 0
    isTimeExtended: 0
    isDragEnd: 1
    isfromIndoor: 0
    datePaused: none
    dateResumed: none
    totalpauseTime: 0
    closingState: 
    pauseTime: 
    pauseDate: 0
    fylingBirdShitDate: 0
    enableDrag: 1
    taskpanelChecker: 1
    savedTime: 
  gameState: 0
  taskList: {fileID: 11400000, guid: c637a9f2c47912c43b05b35f9be039b8, type: 2}
  categoryList: {fileID: 11400000, guid: f41f295bd395641e5abe5d2431102ab4, type: 2}
  settings: {fileID: 11400000, guid: 8ab22d7bb741a45548179682b2839b81, type: 2}
  catDatabase: {fileID: 11400000, guid: 59f35dc48c7a7c94193438310667a1db, type: 2}
  dogDatabase: {fileID: 11400000, guid: e25748206257dd44f97ea5b2f9bd6fd8, type: 2}
  hammerDatabase: {fileID: 11400000, guid: cf5c327c5710c49f5bea37dfc414413a, type: 2}
  AccessoriesDatabase: {fileID: 11400000, guid: 7a9f21964dbd8104fba09c58f983d14c,
    type: 2}
  headDatabase: {fileID: 11400000, guid: abcc228cf95213c4391dc78096598a33, type: 2}
  bodyDatabase: {fileID: 11400000, guid: 49cb0a2968c57bb41b38f84b2b8b8f50, type: 2}
  foodDatabase: {fileID: 11400000, guid: 09218194a2dc444f2b50890396f920ff, type: 2}
  playThingsDatabase: {fileID: 11400000, guid: ade94be4890454df1ba9fc15031f8235, type: 2}
  backgroundDatabase: {fileID: 11400000, guid: a8e483684104f4e939b5c31f0cbeac96, type: 2}
  achievementDatabase: {fileID: 11400000, guid: 930bb53d38208c640990a2f56c587fed,
    type: 2}
  petHomeLocation: {fileID: 11400000, guid: 86788f336ff7b48f8ac988103dd84c08, type: 2}
  petBathItemDatabase: {fileID: 11400000, guid: 6a0f8ce9b8bd043048959a1531062a52,
    type: 2}
  energyTreatDatabase: {fileID: 11400000, guid: c2f81fec4c12c4aa1a90350326ebf787,
    type: 2}
--- !u!114 &114805755540727188
MonoBehaviour:
  m_ObjectHideFlags: 1
  m_PrefabParentObject: {fileID: 0}
  m_PrefabInternal: {fileID: 100100000}
  m_GameObject: {fileID: 1449808732636230}
  m_Enabled: 1
  m_EditorHideFlags: 0
  m_Script: {fileID: 11500000, guid: 4b93e6718243bb94c9efbfd457de392f, type: 3}
  m_Name: 
  m_EditorClassIdentifier: 
  androidGameId: 1292524
  iosGameId: 1292525
  enableTestMode: 0
  onVideoAdsFinished:
    m_PersistentCalls:
      m_Calls: []
    m_TypeName: UnityEngine.Events.UnityEvent, UnityEngine, Version=0.0.0.0, Culture=neutral,
      PublicKeyToken=null
--- !u!114 &114835602197917110
MonoBehaviour:
  m_ObjectHideFlags: 1
  m_PrefabParentObject: {fileID: 0}
  m_PrefabInternal: {fileID: 100100000}
  m_GameObject: {fileID: 1895562925796010}
  m_Enabled: 1
  m_EditorHideFlags: 0
  m_Script: {fileID: 11500000, guid: 6442ad19ad8ba8a489fc24a7d79cb6c0, type: 3}
  m_Name: 
  m_EditorClassIdentifier: 
  saveLocation: lastSavedDate
--- !u!114 &114877798026439286
MonoBehaviour:
  m_ObjectHideFlags: 1
  m_PrefabParentObject: {fileID: 0}
  m_PrefabInternal: {fileID: 100100000}
  m_GameObject: {fileID: 1945550675463128}
  m_Enabled: 1
  m_EditorHideFlags: 0
  m_Script: {fileID: 11500000, guid: e0f20b4812bf65e4b914176cdea6d100, type: 3}
  m_Name: 
  m_EditorClassIdentifier: 
--- !u!114 &114892660350156878
MonoBehaviour:
  m_ObjectHideFlags: 1
  m_PrefabParentObject: {fileID: 0}
  m_PrefabInternal: {fileID: 100100000}
  m_GameObject: {fileID: 1148062066635900}
  m_Enabled: 1
  m_EditorHideFlags: 0
  m_Script: {fileID: 11500000, guid: d1e30c9ebb7534fd5967d299a0e55c6b, type: 3}
  m_Name: 
  m_EditorClassIdentifier: 
--- !u!114 &114952468664177720
MonoBehaviour:
  m_ObjectHideFlags: 1
  m_PrefabParentObject: {fileID: 0}
  m_PrefabInternal: {fileID: 100100000}
  m_GameObject: {fileID: 1895562925796010}
  m_Enabled: 1
  m_EditorHideFlags: 0
  m_Script: {fileID: 11500000, guid: 35175e1a230ec1840916921255961f27, type: 3}
  m_Name: 
  m_EditorClassIdentifier: 
--- !u!114 &114987636192692774
MonoBehaviour:
  m_ObjectHideFlags: 1
  m_PrefabParentObject: {fileID: 0}
  m_PrefabInternal: {fileID: 100100000}
  m_GameObject: {fileID: 1275659644860944}
  m_Enabled: 1
  m_EditorHideFlags: 0
  m_Script: {fileID: 11500000, guid: 6442ad19ad8ba8a489fc24a7d79cb6c0, type: 3}
  m_Name: 
  m_EditorClassIdentifier: 
  saveLocation: lastSavedDate
